<?xml version="1.0" encoding="UTF-8"?><collection xmlns="http://www.loc.gov/MARC21/slim"><record><leader>00309nam--2200121-i-4500</leader><controlfield tag="001">000013484</controlfield><controlfield tag="002">20161230</controlfield><controlfield tag="005">20161230201030</controlfield><controlfield tag="008">060222s1000------------r-----000-0-eng-d</controlfield><datafield ind1=" " ind2=" " tag="100"><subfield code="a">Dupuy, C</subfield></datafield><datafield ind1=" " ind2=" " tag="245"><subfield code="a">Levy, m</subfield></datafield><datafield ind1=" " ind2=" " tag="490"><subfield code="a">Paris, Centre National De La Recherche Scienti Fique, 1978. 847 P</subfield></datafield><datafield ind1=" " ind2=" " tag="700"><subfield code="a">Chassagne, G</subfield></datafield></record></collection>